@article{yoo2012test,
  title={Test data regeneration: generating new test data from existing test data},
  author={Yoo, Shin and Harman, Mark},
  journal={Software Testing, Verification and Reliability},
  volume={22},
  number={3},
  pages={171--201},
  year={2012},
  publisher={Wiley Online Library}
}

@inproceedings{mcminn2011search,
  title={Search-based software testing: Past, present and future},
  author={McMinn, Phil},
  booktitle={Software testing, verification and validation workshops (icstw), 2011 ieee fourth international conference on},
  pages={153--163},
  year={2011},
  organization={IEEE}
}

@article{danglot2017emerging,
  title={The Emerging Field of Test Amplification: A Survey},
  author={Danglot, Benjamin and Vera-Perez, Oscar and Yu, Zhongxing and Monperrus, Martin and Baudry, Benoit},
  journal={arXiv preprint arXiv:1705.10692},
  year={2017}
}

@inproceedings{fraser2011evosuite,
  title={Evosuite: automatic test suite generation for object-oriented software},
  author={Fraser, Gordon and Arcuri, Andrea},
  booktitle={Proceedings of the 19th ACM SIGSOFT symposium and the 13th European conference on Foundations of software engineering},
  pages={416--419},
  year={2011},
  organization={ACM}
}

@article{baudry2015dspot,
  title={DSpot: Test Amplification for Automatic Assessment of Computational Diversity},
  author={Baudry, Benoit and Allier, Simon and Rodriguez-Cancio, Marcelino and Monperrus, Martin},
  journal={arXiv preprint arXiv:1503.05807},
  year={2015}
}

@article{baudry2015automatic,
  title={Automatic Software Diversity in the Light of Test Suites},
  author={Baudry, Benoit and Allier, Simon and Rodriguez-Cancio, Marcelino and Monperrus, Martin},
  journal={arXiv preprint arXiv:1509.00144},
  year={2015}
}

@inproceedings{baudry2014tailored,
  title={Tailored source code transformations to synthesize computationally diverse program variants},
  author={Baudry, Benoit and Allier, Simon and Monperrus, Martin},
  booktitle={Proceedings of the 2014 International Symposium on Software Testing and Analysis},
  pages={149--159},
  year={2014},
  organization={ACM}
}

@article{xuan2015dynamic,
  title={Dynamic Analysis can be Improved with Automatic Test Suite Refactoring},
  author={Xuan, Jifeng and Cornu, Benoit and Martinez, Matias and Baudry, Benoit and Seinturier, Lionel and Monperrus, Martin},
  journal={arXiv preprint arXiv:1506.01883},
  year={2015}
}

@article{xuan2016b,
  title={B-Refactoring: Automatic test code refactoring to improve dynamic analysis},
  author={Xuan, Jifeng and Cornu, Benoit and Martinez, Matias and Baudry, Benoit and Seinturier, Lionel and Monperrus, Martin},
  journal={Information and Software Technology},
  volume={76},
  pages={65--80},
  year={2016},
  publisher={Elsevier}
}

@article{harman2001search,
  title={Search-based software engineering},
  author={Harman, Mark and Jones, Bryan F},
  journal={Information and software Technology},
  volume={43},
  number={14},
  pages={833--839},
  year={2001},
  publisher={Elsevier}
}

@article{petke2017genetic,
  title={Genetic improvement of software: a comprehensive survey},
  author={Petke, Justyna and Haraldsson, Saemundur and Harman, Mark and White, David and Woodward, John and others},
  journal={IEEE Transactions on Evolutionary Computation},
  year={2017},
  publisher={IEEE}
}

@article{bessey2010few,
  title={A few billion lines of code later: using static analysis to find bugs in the real world},
  author={Bessey, Al and Block, Ken and Chelf, Ben and Chou, Andy and Fulton, Bryan and Hallem, Seth and Henri-Gros, Charles and Kamsky, Asya and McPeak, Scott and Engler, Dawson},
  journal={Communications of the ACM},
  volume={53},
  number={2},
  pages={66--75},
  year={2010},
  publisher={ACM}
}

@article{pawlak2016spoon,
  TITLE = {{Spoon: A Library for Implementing Analyses and Transformations of Java Source Code}},
  AUTHOR = {Pawlak, Renaud and Monperrus, Martin and Petitprez, Nicolas and Noguera, Carlos and Seinturier, Lionel},
  JOURNAL = {{Software: Practice and Experience}},
  PUBLISHER = {{Wiley-Blackwell}},
  PAGES = {1155-1179},
  VOLUME = {46},
  URL = {https://hal.archives-ouvertes.fr/hal-01078532/document},
  YEAR = {2015},
  doi = {10.1002/spe.2346},
}

@article{barr2015oracle,
  title={The oracle problem in software testing: A survey},
  author={Barr, Earl T and Harman, Mark and McMinn, Phil and Shahbaz, Muzammil and Yoo, Shin},
  journal={IEEE transactions on software engineering},
  volume={41},
  number={5},
  pages={507--525},
  year={2015},
  publisher={IEEE}
}

@inproceedings{li2016automatically,
  title={Automatically documenting unit test cases},
  author={Li, Boyang and Vendome, Christopher and Linares-V{\'a}squez, Mario and Poshyvanyk, Denys and Kraft, Nicholas A},
  booktitle={Software Testing, Verification and Validation (ICST), 2016 IEEE International Conference on},
  pages={341--352},
  year={2016},
  organization={IEEE}
}

@inproceedings{dragan2006reverse,
  title={Reverse engineering method stereotypes},
  author={Dragan, Natalia and Collard, Michael L and Maletic, Jonathan I},
  booktitle={Software Maintenance, 2006. ICSM'06. 22nd IEEE International Conference on},
  pages={24--34},
  year={2006},
  organization={IEEE}
}

@book{hill2010integrating,
  title={Integrating natural language and program structure information to improve software search and exploration},
  author={Hill, Emily},
  year={2010},
  publisher={University of Delaware}
}

@inproceedings{coles2016pit,
  title={PIT: a practical mutation testing tool for java},
  author={Coles, Henry and Laurent, Thomas and Henard, Christopher and Papadakis, Mike and Ventresque, Anthony},
  booktitle={Proceedings of the 25th International Symposium on Software Testing and Analysis},
  pages={449--452},
  year={2016},
  organization={ACM}
}

@article{jia2011analysis,
  title={An analysis and survey of the development of mutation testing},
  author={Jia, Yue and Harman, Mark},
  journal={IEEE transactions on software engineering},
  volume={37},
  number={5},
  pages={649--678},
  year={2011},
  publisher={IEEE}
}

@article{delahaye2015selecting,
  title={Selecting a software engineering tool: lessons learnt from mutation analysis},
  author={Delahaye, Micka{\"e}l and Bousquet, Lydie},
  journal={Software: Practice and Experience},
  volume={45},
  number={7},
  pages={875--891},
  year={2015},
  publisher={Wiley Online Library}
}

@article{runeson2006survey,
  title={A survey of unit testing practices},
  author={Runeson, Per},
  journal={IEEE software},
  volume={23},
  number={4},
  pages={22--29},
  year={2006},
  publisher={IEEE}
}

@inproceedings{daka2014survey,
  title={A survey on unit testing practices and problems},
  author={Daka, Ermira and Fraser, Gordon},
  booktitle={Software Reliability Engineering (ISSRE), 2014 IEEE 25th International Symposium on},
  pages={201--211},
  year={2014},
  organization={IEEE}
}

@article{yoo2012regression,
  title={Regression testing minimization, selection and prioritization: a survey},
  author={Yoo, Shin and Harman, Mark},
  journal={Software Testing, Verification and Reliability},
  volume={22},
  number={2},
  pages={67--120},
  year={2012},
  publisher={Wiley Online Library}
}

@inproceedings{prado2015wap,
  title={WAP: Cognitive aspects in unit testing: The hunting game and the hunter's perspective},
  author={Prado, Marllos P and Verbeek, Eric and Storey, Margaret-Anne and Vincenzi, Auri MR},
  booktitle={Software Reliability Engineering (ISSRE), 2015 IEEE 26th International Symposium on},
  pages={387--392},
  year={2015},
  organization={IEEE}
}

@inproceedings{prado2016advances,
  title={Advances in the Characterization of Cognitive Support for Unit Testing: The Bug-Hunting Game and the Visualization Arsenal},
  author={Prado, Marllos P and Vincenzi, Auri MR},
  booktitle={Software Reliability Engineering Workshops (ISSREW), 2016 IEEE International Symposium on},
  pages={213--220},
  year={2016},
  organization={IEEE}
}

@article{prado2018towards,
  title={Towards cognitive support for unit testing: a qualitative study with practitioners},
  author={Prado, Marllos Paiva and Vincenzi, Auri Marcelo Rizzo},
  journal={Journal of Systems and Software},
  year={2018},
  publisher={Elsevier}
}

@article{delahaye2015selecting,
  title={Selecting a software engineering tool: lessons learnt from mutation analysis},
  author={Delahaye, Micka{\"e}l and Bousquet, Lydie},
  journal={Software: Practice and Experience},
  volume={45},
  number={7},
  pages={875--891},
  year={2015},
  publisher={Wiley Online Library}
}

@inproceedings{oviatt2006human,
  title={Human-centered design meets cognitive load theory: designing interfaces that help people think},
  author={Oviatt, Sharon},
  booktitle={Proceedings of the 14th ACM international conference on Multimedia},
  pages={871--880},
  year={2006},
  organization={ACM}
}

@inproceedings{panichella2016impact,
  title={The impact of test case summaries on bug fixing performance: An empirical investigation},
  author={Panichella, Sebastiano and Panichella, Annibale and Beller, Moritz and Zaidman, Andy and Gall, Harald C},
  booktitle={Software Engineering (ICSE), 2016 IEEE/ACM 38th International Conference on},
  pages={547--558},
  year={2016},
  organization={IEEE}
}

@inproceedings{stol2016grounded,
  title={Grounded theory in software engineering research: a critical review and guidelines},
  author={Stol, Klaas-Jan and Ralph, Paul and Fitzgerald, Brian},
  booktitle={Software Engineering (ICSE), 2016 IEEE/ACM 38th International Conference on},
  pages={120--131},
  year={2016},
  organization={IEEE}
}

@inproceedings{movzucha2016mutation,
  title={Is Mutation Testing Ready to Be Adopted Industry-Wide?},
  author={Mo{\v{z}}ucha, Jakub and Rossi, Bruno},
  booktitle={International Conference on Product-Focused Software Process Improvement},
  pages={217--232},
  year={2016},
  organization={Springer}
}

@inproceedings{assylbekov2013investigating,
  title={Investigating the correlation between mutation score and coverage score},
  author={Assylbekov, Berik and Gaspar, Erick and Uddin, Nasir and Egan, Paul},
  booktitle={Computer Modelling and Simulation (UKSim), 2013 UKSim 15th International Conference on},
  pages={347--352},
  year={2013},
  organization={IEEE}
}

@inproceedings{papadakis2018mutation,
  title={Are Mutation Scores Correlated with Real Fault Detection? A Large Scale Empirical study on the Relationship Between Mutants and Real Faults},
  author={Papadakis, Mike and Shin, Donghwan and Yoo, Shin and Bae, Doo-Hwan},
  booktitle={40th International Conference on Software Engineering, May 27-3 June 2018, Gothenburg, Sweden},
  year={2018}
}

@misc{neubig2016survey,
  title={Survey of Methods to Generate Natural Language from Source Code},
  author={Neubig, Graham},
  year={2016}
}

@article{nazar2016summarizing,
  title={Summarizing software artifacts: A literature review},
  author={Nazar, Najam and Hu, Yan and Jiang, He},
  journal={Journal of Computer Science and Technology},
  volume={31},
  number={5},
  pages={883--909},
  year={2016},
  publisher={Springer}
}

// @inproceedings{li2016automatically,
//   title={Automatically Documenting Software Artifacts},
//   author={Li, Boyang},
//   booktitle={Software Maintenance and Evolution (ICSME), 2016 IEEE International Conference on},
//   pages={631--635},
//   year={2016},
//   organization={IEEE}
// }

@phdthesis{li2018automatically,
  title={Automatically Documenting Software Artifacts},
  author={Li, Boyang},
  year={2018},
  school={College of William \& Mary}
}

@inproceedings{kamimura2013towards,
  title={Towards generating human-oriented summaries of unit test cases},
  author={Kamimura, Manabu and Murphy, Gail C},
  booktitle={Program Comprehension (ICPC), 2013 IEEE 21st International Conference on},
  pages={215--218},
  year={2013},
  organization={IEEE}
}

@inproceedings{ghafari2015automatically,
  title={Automatically identifying focal methods under test in unit test cases},
  author={Ghafari, Mohammad and Ghezzi, Carlo and Rubinov, Konstantin},
  booktitle={Source Code Analysis and Manipulation (SCAM), 2015 IEEE 15th International Working Conference on},
  pages={61--70},
  year={2015},
  organization={IEEE}
}

@inproceedings{cortes2014automatically,
  title={On automatically generating commit messages via summarization of source code changes},
  author={Cort{\'e}s-Coy, Luis Fernando and Linares-V{\'a}squez, Mario and Aponte, Jairo and Poshyvanyk, Denys},
  booktitle={Source Code Analysis and Manipulation (SCAM), 2014 IEEE 14th International Working Conference on},
  pages={275--284},
  year={2014},
  organization={IEEE}
}

@inproceedings{linares2015changescribe,
  title={Changescribe: A tool for automatically generating commit messages},
  author={Linares-V{\'a}squez, Mario and Cort{\'e}s-Coy, Luis Fernando and Aponte, Jairo and Poshyvanyk, Denys},
  booktitle={Software Engineering (ICSE), 2015 IEEE/ACM 37th IEEE International Conference on},
  volume={2},
  pages={709--712},
  year={2015},
  organization={IEEE}
}

@inproceedings{dragan2011using,
  title={Using stereotypes to help characterize commits},
  author={Dragan, Natalia and Collard, Michael L and Hammad, Maen and Maletic, Jonathan I},
  booktitle={Software Maintenance (ICSM), 2011 27th IEEE International Conference on},
  pages={520--523},
  year={2011},
  organization={IEEE}
}

@inproceedings{jiang2017towards,
  title={Towards automatic generation of short summaries of commits},
  author={Jiang, Siyuan and McMillan, Collin},
  booktitle={Proceedings of the 25th International Conference on Program Comprehension},
  pages={320--323},
  year={2017},
  organization={IEEE Press}
}

@inproceedings{jiang2017automatically,
  title={Automatically generating commit messages from diffs using neural machine translation},
  author={Jiang, Siyuan and Armaly, Ameer and McMillan, Collin},
  booktitle={Proceedings of the 32nd IEEE/ACM International Conference on Automated Software Engineering},
  pages={135--146},
  year={2017},
  organization={IEEE Press}
}

@inproceedings{shen2016automatic,
  title={On Automatic Summarization of What and Why Information in Source Code Changes},
  author={Shen, Jinfeng and Sun, Xiaobing and Li, Bin and Yang, Hui and Hu, Jiajun},
  booktitle={Computer Software and Applications Conference (COMPSAC), 2016 IEEE 40th Annual},
  volume={1},
  pages={103--112},
  year={2016},
  organization={IEEE}
}

@inproceedings{buse2010automatically,
  title={Automatically documenting program changes},
  author={Buse, Raymond PL and Weimer, Westley R},
  booktitle={Proceedings of the IEEE/ACM international conference on Automated software engineering},
  pages={33--42},
  year={2010},
  organization={ACM}
}

@inproceedings{alali2008s,
  title={What's a typical commit? a characterization of open source software repositories},
  author={Alali, Abdulkareem and Kagdi, Huzefa and Maletic, Jonathan I},
  booktitle={Program Comprehension, 2008. ICPC 2008. The 16th IEEE International Conference on},
  pages={182--191},
  year={2008},
  organization={IEEE}
}

@inproceedings{hattori2008nature,
  title={On the nature of commits},
  author={Hattori, Lile P and Lanza, Michele},
  booktitle={Proceedings of the 23rd IEEE/ACM International Conference on Automated Software Engineering},
  pages={III--63},
  year={2008},
  organization={IEEE Press}
}

@article{letovsky1987cognitive,
  title={Cognitive processes in program comprehension},
  author={Letovsky, Stanley},
  journal={Journal of Systems and software},
  volume={7},
  number={4},
  pages={325--339},
  year={1987},
  publisher={Elsevier}
}

@inproceedings{leitner2007efficient,
  title={Efficient unit test case minimization},
  author={Leitner, Andreas and Oriol, Manuel and Zeller, Andreas and Ciupa, Ilinca and Meyer, Bertrand},
  booktitle={Proceedings of the twenty-second IEEE/ACM international conference on Automated software engineering},
  pages={417--420},
  year={2007},
  organization={ACM}
}

@inproceedings{zeller1999yesterday,
  title={Yesterday, my program worked. Today, it does not. Why?},
  author={Zeller, Andreas},
  booktitle={ACM SIGSOFT Software engineering notes},
  volume={24},
  number={6},
  pages={253--267},
  year={1999},
  organization={Springer-Verlag}
}

@inproceedings{qusef2011scotch,
  title={Scotch: Test-to-code traceability using slicing and conceptual coupling},
  author={Qusef, Abdallah and Bavota, Gabriele and Oliveto, Rocco and De Lucia, Andrea and Binkley, David},
  booktitle={Software Maintenance (ICSM), 2011 27th IEEE International Conference on},
  pages={63--72},
  year={2011},
  organization={IEEE}
}

@article{dolby2015tj,
  title={TJ Watson libraries for analysis (WALA)},
  author={Dolby, Julian and Fink, Stephen J and Sridharan, Manu},
  journal={URL http://wala. sf. net},
  year={2015}
}
