@article{yoo2012test,
  title={Test data regeneration: generating new test data from existing test data},
  author={Yoo, Shin and Harman, Mark},
  journal={Software Testing, Verification and Reliability},
  volume={22},
  number={3},
  pages={171--201},
  year={2012},
  publisher={Wiley Online Library}
}
